<?xml version="1.0" encoding="UTF-8"?>
<zs:searchRetrieveResponse xmlns:zs="http://www.loc.gov/zing/srw/"><zs:version>1.1</zs:version><zs:numberOfRecords>5</zs:numberOfRecords><zs:records><zs:record><zs:recordSchema>marcxml</zs:recordSchema><zs:recordPacking>xml</zs:recordPacking><zs:recordData><record xmlns="http://www.loc.gov/MARC21/slim">
  <leader>xxxxxngm a22yyyyy c 4500</leader>
  <controlfield tag="001">342439952</controlfield>
  <controlfield tag="003">DE-601</controlfield>
  <controlfield tag="005">20171221110746.0</controlfield>
  <controlfield tag="007">vu uvuuuu</controlfield>
  <controlfield tag="008">110501s1999                  000 0 ger d</controlfield>
  <datafield tag="020" ind1=" " ind2=" ">
    <subfield code="c">EUR 8,99</subfield>
  </datafield>
  <datafield tag="028" ind1="5" ind2="2">
    <subfield code="a">74321608262</subfield>
  </datafield>
  <datafield tag="040" ind1=" " ind2=" ">
    <subfield code="b">ger</subfield>
    <subfield code="c">GBVCP</subfield>
    <subfield code="e">rda</subfield>
  </datafield>
  <datafield tag="041" ind1="0" ind2=" ">
    <subfield code="a">ger</subfield>
  </datafield>
  <datafield tag="110" ind1="2" ind2=" ">
    <subfield code="a">Silly</subfield>
    <subfield code="g">Musikgruppe</subfield>
    <subfield code="0">(DE-601)197517293</subfield>
  </datafield>
  <datafield tag="245" ind1="0" ind2="0">
    <subfield code="a">Silly + Gundermann &amp; Seilschaft - Unplugged</subfield>
    <subfield code="h">Bildmaterial</subfield>
    <subfield code="b">das legendäre Konzert vom 22.11.1994</subfield>
  </datafield>
  <datafield tag="264" ind1="3" ind2="1">
    <subfield code="a">Berlin</subfield>
    <subfield code="b">BMG Berlin Musik</subfield>
    <subfield code="c">P 1999</subfield>
  </datafield>
  <datafield tag="300" ind1=" " ind2=" ">
    <subfield code="a">2 CD</subfield>
    <subfield code="b">ADD, stereo</subfield>
    <subfield code="c">12 cm</subfield>
    <subfield code="e">1 Beih.</subfield>
  </datafield>
  <datafield tag="336" ind1=" " ind2=" ">
    <subfield code="a">aufgeführte Musik</subfield>
    <subfield code="b">prm</subfield>
    <subfield code="2">rdacontent</subfield>
  </datafield>
  <datafield tag="337" ind1=" " ind2=" ">
    <subfield code="a">audio</subfield>
    <subfield code="b">s</subfield>
    <subfield code="2">rdamedia</subfield>
  </datafield>
  <datafield tag="338" ind1=" " ind2=" ">
    <subfield code="a">Audiodisk</subfield>
    <subfield code="b">sd</subfield>
    <subfield code="2">rdacarrier</subfield>
  </datafield>
  <datafield tag="655" ind1="0" ind2="7">
    <subfield code="a">CD</subfield>
    <subfield code="2">gnd-carrier</subfield>
  </datafield>
  <datafield tag="655" ind1="0" ind2="7">
    <subfield code="a">cdda</subfield>
    <subfield code="2">gnd-carrier</subfield>
  </datafield>
  <datafield tag="700" ind1="1" ind2=" ">
    <subfield code="a">Gundermann, Gerhard</subfield>
    <subfield code="e">BeteiligteR</subfield>
    <subfield code="4">asn</subfield>
    <subfield code="0">(DE-601)21216046X</subfield>
  </datafield>
  <datafield tag="710" ind1="2" ind2=" ">
    <subfield code="a">Silly</subfield>
    <subfield code="g">Musikgruppe</subfield>
    <subfield code="0">(DE-601)197517293</subfield>
  </datafield>
  <datafield tag="710" ind1="2" ind2=" ">
    <subfield code="a">Gundermann und Seilschaft</subfield>
    <subfield code="0">(DE-601)198574304</subfield>
  </datafield>
  <datafield tag="900" ind1=" " ind2=" ">
    <subfield code="a">GBV</subfield>
    <subfield code="b">StB Nuernberg &lt;75&gt;</subfield>
    <subfield code="d">CD 18</subfield>
  </datafield>
  <datafield tag="954" ind1=" " ind2=" ">
    <subfield code="0">StB Nuernberg &lt;75&gt;</subfield>
    <subfield code="a">299</subfield>
    <subfield code="b">707413060</subfield>
    <subfield code="c">01</subfield>
    <subfield code="d">CD 18</subfield>
    <subfield code="x">0075</subfield>
  </datafield>
</record></zs:recordData><zs:recordPosition>1</zs:recordPosition></zs:record>