<zs:record><zs:recordSchema>marcxml</zs:recordSchema><zs:recordPacking>xml</zs:recordPacking><zs:recordData><record xmlns="http://www.loc.gov/MARC21/slim">
  <leader>xxxxxnaa a22yyyyy c 4500</leader>
  <controlfield tag="001">360743331</controlfield>
  <controlfield tag="003">DE-601</controlfield>
  <controlfield tag="005">20120309153312.0</controlfield>
  <controlfield tag="008">3-9-W:s1997                  000 0 und d</controlfield>
  <datafield tag="040" ind1=" " ind2=" ">
    <subfield code="b">ger</subfield>
    <subfield code="c">GBVCP</subfield>
    <subfield code="e">rda</subfield>
  </datafield>
  <datafield tag="245" ind1="0" ind2="4">
    <subfield code="a">Die Kreba - Fisch - GmbH</subfield>
  </datafield>
  <datafield tag="336" ind1=" " ind2=" ">
    <subfield code="a">Text</subfield>
    <subfield code="b">txt</subfield>
    <subfield code="2">rdacontent</subfield>
  </datafield>
  <datafield tag="337" ind1=" " ind2=" ">
    <subfield code="a">ohne Hilfsmittel zu benutzen</subfield>
    <subfield code="b">n</subfield>
    <subfield code="2">rdamedia</subfield>
  </datafield>
  <datafield tag="338" ind1=" " ind2=" ">
    <subfield code="a">Band</subfield>
    <subfield code="b">nc</subfield>
    <subfield code="2">rdacarrier</subfield>
  </datafield>
  <datafield tag="655" ind1="0" ind2="7">
    <subfield code="a">druck</subfield>
    <subfield code="2">gnd-carrier</subfield>
  </datafield>
  <datafield tag="773" ind1="0" ind2="8">
    <subfield code="t">In</subfield>
    <subfield code="g">(1997), p. 8</subfield>
    <subfield code="q">&lt;8</subfield>
    <subfield code="w">(DE-601)061692336</subfield>
  </datafield>
  <datafield tag="900" ind1=" " ind2=" ">
    <subfield code="a">GBV</subfield>
    <subfield code="b">StB Nuernberg &lt;75&gt;</subfield>
  </datafield>
  <datafield tag="901" ind1=" " ind2=" ">
    <subfield code="a">OLC</subfield>
  </datafield>
  <datafield tag="952" ind1=" " ind2=" ">
    <subfield code="j">1997</subfield>
    <subfield code="h">8</subfield>
  </datafield>
  <datafield tag="954" ind1=" " ind2=" ">
    <subfield code="0">StB Nuernberg &lt;75&gt;</subfield>
    <subfield code="a">299</subfield>
    <subfield code="b">706763513</subfield>
    <subfield code="c">01</subfield>
    <subfield code="x">0075</subfield>
  </datafield>
</record></zs:recordData><zs:recordPosition>2</zs:recordPosition></zs:record>