<zs:record><zs:recordSchema>marcxml</zs:recordSchema><zs:recordPacking>xml</zs:recordPacking><zs:recordData><record xmlns="http://www.loc.gov/MARC21/slim">
  <leader>xxxxxngm a22yyyyy c 4500</leader>
  <controlfield tag="001">106904019</controlfield>
  <controlfield tag="003">DE-601</controlfield>
  <controlfield tag="005">20140807151352.0</controlfield>
  <controlfield tag="007">vu uvuuuu</controlfield>
  <controlfield tag="008">9-2-L:s1997                  000 0 ger d</controlfield>
  <datafield tag="024" ind1="3" ind2=" ">
    <subfield code="a">4021934907025</subfield>
  </datafield>
  <datafield tag="028" ind1="5" ind2="2">
    <subfield code="a">0070-2</subfield>
  </datafield>
  <datafield tag="028" ind1="5" ind2="2">
    <subfield code="a">00722</subfield>
  </datafield>
  <datafield tag="035" ind1=" " ind2=" ">
    <subfield code="a">314249410</subfield>
  </datafield>
  <datafield tag="040" ind1=" " ind2=" ">
    <subfield code="b">ger</subfield>
    <subfield code="c">GBVCP</subfield>
    <subfield code="e">rda</subfield>
  </datafield>
  <datafield tag="041" ind1="0" ind2=" ">
    <subfield code="a">ger</subfield>
  </datafield>
  <datafield tag="110" ind1="2" ind2=" ">
    <subfield code="a">Gundermann und Seilschaft</subfield>
    <subfield code="0">(DE-601)198574304</subfield>
  </datafield>
  <datafield tag="245" ind1="0" ind2="0">
    <subfield code="a">Engel über dem Revier</subfield>
    <subfield code="h">Bildmaterial</subfield>
    <subfield code="c">Gundermann &amp; Seilschaft</subfield>
  </datafield>
  <datafield tag="264" ind1="3" ind2="1">
    <subfield code="a">Berlin</subfield>
    <subfield code="b">Buschfunk</subfield>
    <subfield code="c">P 1997</subfield>
  </datafield>
  <datafield tag="300" ind1=" " ind2=" ">
    <subfield code="a">1 CD (51 Min.)</subfield>
    <subfield code="c">12 cm</subfield>
    <subfield code="e">Beih. (mit Songtexten)</subfield>
  </datafield>
  <datafield tag="336" ind1=" " ind2=" ">
    <subfield code="a">aufgeführte Musik</subfield>
    <subfield code="b">prm</subfield>
    <subfield code="2">rdacontent</subfield>
  </datafield>
  <datafield tag="337" ind1=" " ind2=" ">
    <subfield code="a">audio</subfield>
    <subfield code="b">s</subfield>
    <subfield code="2">rdamedia</subfield>
  </datafield>
  <datafield tag="338" ind1=" " ind2=" ">
    <subfield code="a">Audiodisk</subfield>
    <subfield code="b">sd</subfield>
    <subfield code="2">rdacarrier</subfield>
  </datafield>
  <datafield tag="655" ind1="0" ind2="7">
    <subfield code="a">CD</subfield>
    <subfield code="2">gnd-carrier</subfield>
  </datafield>
  <datafield tag="655" ind1="0" ind2="7">
    <subfield code="a">cdda</subfield>
    <subfield code="2">gnd-carrier</subfield>
  </datafield>
  <datafield tag="710" ind1="2" ind2=" ">
    <subfield code="a">Gundermann und Seilschaft</subfield>
    <subfield code="0">(DE-601)198574304</subfield>
  </datafield>
  <datafield tag="900" ind1=" " ind2=" ">
    <subfield code="a">GBV</subfield>
    <subfield code="b">StB Nuernberg &lt;75&gt;</subfield>
    <subfield code="d">CD 7</subfield>
  </datafield>
  <datafield tag="954" ind1=" " ind2=" ">
    <subfield code="0">StB Nuernberg &lt;75&gt;</subfield>
    <subfield code="a">299</subfield>
    <subfield code="b">707413079</subfield>
    <subfield code="c">01</subfield>
    <subfield code="d">CD 7</subfield>
    <subfield code="x">0075</subfield>
  </datafield>
</record></zs:recordData><zs:recordPosition>3</zs:recordPosition></zs:record>