<zs:record><zs:recordSchema>marcxml</zs:recordSchema><zs:recordPacking>xml</zs:recordPacking><zs:recordData><record xmlns="http://www.loc.gov/MARC21/slim">
  <leader>xxxxxnam a22yyyyy c 4500</leader>
  <controlfield tag="001">031083188</controlfield>
  <controlfield tag="003">DE-601</controlfield>
  <controlfield tag="005">20170215133234.0</controlfield>
  <controlfield tag="008">921210s1733                  000 0 ger d</controlfield>
  <datafield tag="024" ind1="8" ind2=" ">
    <subfield code="a">VD17VD18 11409983-001</subfield>
  </datafield>
  <datafield tag="035" ind1=" " ind2=" ">
    <subfield code="a">311335238</subfield>
  </datafield>
  <datafield tag="040" ind1=" " ind2=" ">
    <subfield code="b">ger</subfield>
    <subfield code="c">GBVCP</subfield>
    <subfield code="e">rda</subfield>
  </datafield>
  <datafield tag="041" ind1="1" ind2=" ">
    <subfield code="a">ger</subfield>
    <subfield code="h">eng</subfield>
  </datafield>
  <datafield tag="084" ind1=" " ind2=" ">
    <subfield code="a">13</subfield>
    <subfield code="2">ssgn</subfield>
  </datafield>
  <datafield tag="100" ind1="1" ind2=" ">
    <subfield code="a">King, Charles</subfield>
    <subfield code="0">(DE-601)35474657X</subfield>
  </datafield>
  <datafield tag="240" ind1="1" ind2="3">
    <subfield code="a">An account of the origin and formation of fossil shells</subfield>
    <subfield code="r">dt.</subfield>
  </datafield>
  <datafield tag="245" ind1="1" ind2="5">
    <subfield code="a">Eine Untersuchung Des Ursprungs und der Formirung Der Fossilien, oder Fisch-Schalen, und anderer dergleichen Cörper, so aus der Erden gegraben werden ...</subfield>
    <subfield code="c">Aus dem Englischen übersetzt von Theodor Arnold. [Verf.: Charles King]</subfield>
  </datafield>
  <datafield tag="246" ind1="3" ind2="0">
    <subfield code="a">Formierung Körper</subfield>
  </datafield>
  <datafield tag="264" ind1="3" ind2="1">
    <subfield code="a">Leipzig</subfield>
    <subfield code="b">Löwe</subfield>
    <subfield code="c">1733</subfield>
  </datafield>
  <datafield tag="300" ind1=" " ind2=" ">
    <subfield code="a">[1] Bl., 95 S., [3] Bl.</subfield>
    <subfield code="b">Ill.</subfield>
    <subfield code="c">8o</subfield>
  </datafield>
  <datafield tag="336" ind1=" " ind2=" ">
    <subfield code="a">Text</subfield>
    <subfield code="b">txt</subfield>
    <subfield code="2">rdacontent</subfield>
  </datafield>
  <datafield tag="337" ind1=" " ind2=" ">
    <subfield code="a">ohne Hilfsmittel zu benutzen</subfield>
    <subfield code="b">n</subfield>
    <subfield code="2">rdamedia</subfield>
  </datafield>
  <datafield tag="338" ind1=" " ind2=" ">
    <subfield code="a">Band</subfield>
    <subfield code="b">nc</subfield>
    <subfield code="2">rdacarrier</subfield>
  </datafield>
  <datafield tag="500" ind1=" " ind2=" ">
    <subfield code="a">Verf. ermittelt aus BBA</subfield>
  </datafield>
  <datafield tag="500" ind1=" " ind2=" ">
    <subfield code="a">Vorlageform des Erscheinungsvermerks: Leipzig, Verlegts Johann George Löwe, 1733.</subfield>
  </datafield>
  <datafield tag="655" ind1="0" ind2="7">
    <subfield code="a">druck</subfield>
    <subfield code="2">gnd-carrier</subfield>
  </datafield>
  <datafield tag="700" ind1="1" ind2=" ">
    <subfield code="a">Arnold, Theodor</subfield>
    <subfield code="0">(DE-601)320967220</subfield>
  </datafield>
  <datafield tag="900" ind1=" " ind2=" ">
    <subfield code="a">GBV</subfield>
    <subfield code="b">StB Nuernberg &lt;75&gt;</subfield>
    <subfield code="d">Phys IV 65</subfield>
    <subfield code="x">N</subfield>
    <subfield code="z">N</subfield>
  </datafield>
  <datafield tag="954" ind1=" " ind2=" ">
    <subfield code="0">StB Nuernberg &lt;75&gt;</subfield>
    <subfield code="a">299</subfield>
    <subfield code="b">707320496</subfield>
    <subfield code="c">01</subfield>
    <subfield code="d">Phys IV 65</subfield>
    <subfield code="e">p</subfield>
    <subfield code="x">0075</subfield>
  </datafield>
</record></zs:recordData><zs:recordPosition>4</zs:recordPosition></zs:record>