<zs:record><zs:recordSchema>marcxml</zs:recordSchema><zs:recordPacking>xml</zs:recordPacking><zs:recordData><record xmlns="http://www.loc.gov/MARC21/slim">
  <leader>xxxxxnaa a22yyyyy c 4500</leader>
  <controlfield tag="001">360810764</controlfield>
  <controlfield tag="003">DE-601</controlfield>
  <controlfield tag="005">20120309155017.0</controlfield>
  <controlfield tag="008">3-9-W:s1677                  000 0 und d</controlfield>
  <datafield tag="040" ind1=" " ind2=" ">
    <subfield code="b">ger</subfield>
    <subfield code="c">GBVCP</subfield>
    <subfield code="e">rda</subfield>
  </datafield>
  <datafield tag="100" ind1="1" ind2=" ">
    <subfield code="a">Praetorius, Johannes</subfield>
    <subfield code="0">(DE-601)257275339</subfield>
  </datafield>
  <datafield tag="245" ind1="1" ind2="0">
    <subfield code="a">Himmlischer Comet-Stern</subfield>
    <subfield code="b">Welchen der erzürnete Höchste Gesamt-Richter abermahl ietzund in diesemVor-Jahre Anno 1677. durchn Aprill über ein frisches gewisses Volck, zur Land-Plage, leider ! verhängethat, wegen Sündiger Verschuldigung; und unter der Andromeda, durch Nord-Fisch und Triangel führende zum Medusischen Kopff, aufgehaben hat. Hier aber Warnungs weise vorgeleget, und aus sonderbahrem Geheimnisse, wegen mitleidigen Hertzens, bey Zeite einem ieden kund gemachtet wird, zur eilwichtigen Bekehrung</subfield>
    <subfield code="c">Durch Johannes Praetorius</subfield>
  </datafield>
  <datafield tag="264" ind1="3" ind2="1">
    <subfield code="a">Halle in Sachsen</subfield>
    <subfield code="b">Praetorius (Johannes)</subfield>
    <subfield code="c">[ca. 1677]</subfield>
  </datafield>
  <datafield tag="336" ind1=" " ind2=" ">
    <subfield code="a">Text</subfield>
    <subfield code="b">txt</subfield>
    <subfield code="2">rdacontent</subfield>
  </datafield>
  <datafield tag="337" ind1=" " ind2=" ">
    <subfield code="a">ohne Hilfsmittel zu benutzen</subfield>
    <subfield code="b">n</subfield>
    <subfield code="2">rdamedia</subfield>
  </datafield>
  <datafield tag="338" ind1=" " ind2=" ">
    <subfield code="a">Band</subfield>
    <subfield code="b">nc</subfield>
    <subfield code="2">rdacarrier</subfield>
  </datafield>
  <datafield tag="500" ind1=" " ind2=" ">
    <subfield code="a">[18] Bl.. - In dt. Sprache mit lat. u. hebr.</subfield>
  </datafield>
  <datafield tag="655" ind1="0" ind2="7">
    <subfield code="a">druck</subfield>
    <subfield code="2">gnd-carrier</subfield>
  </datafield>
  <datafield tag="773" ind1="0" ind2="8">
    <subfield code="t">In</subfield>
    <subfield code="w">(DE-601)361016336</subfield>
  </datafield>
  <datafield tag="900" ind1=" " ind2=" ">
    <subfield code="a">GBV</subfield>
    <subfield code="b">StB Nuernberg &lt;75&gt;</subfield>
    <subfield code="d">B II 4° 36b,6</subfield>
  </datafield>
  <datafield tag="901" ind1=" " ind2=" ">
    <subfield code="a">OLC</subfield>
  </datafield>
  <datafield tag="954" ind1=" " ind2=" ">
    <subfield code="0">StB Nuernberg &lt;75&gt;</subfield>
    <subfield code="a">299</subfield>
    <subfield code="b">706836650</subfield>
    <subfield code="c">01</subfield>
    <subfield code="d">B II 4° 36b,6</subfield>
    <subfield code="x">0075</subfield>
  </datafield>
</record></zs:recordData><zs:recordPosition>5</zs:recordPosition></zs:record></zs:records><zs:echoedSearchRetrieveRequest><zs:version>1.1</zs:version><zs:query>dc.title=fisch</zs:query><zs:maximumRecords>15</zs:maximumRecords><zs:recordPacking>xml</zs:recordPacking><zs:recordSchema>marcxml</zs:recordSchema></zs:echoedSearchRetrieveRequest></zs:searchRetrieveResponse>